 @misc{mainpaper, title={Towards a new approach to reveal dynamical organization of the brain using topological data analysis}, url={https://www.nature.com/articles/s41467-018-03664-4#citeas}, journal={Nature News}, publisher={Nature Publishing Group}, author={Saggar Manish and Sporns Olaf and Gonzalez-Castillo Javier and Bandettini Peter A. and Carlsson Gunnar and Glover Gary and Reiss Allan L.}, year={2018}} 

@article{oldDataCollapsed,
title = {The dynamic functional connectome: State-of-the-art and perspectives},
journal = {NeuroImage},
volume = {160},
pages = {41-54},
year = {2017},
note = {Functional Architecture of the Brain},
issn = {1053-8119},
doi = {https://doi.org/10.1016/j.neuroimage.2016.12.061},
url = {https://www.sciencedirect.com/science/article/pii/S1053811916307881},
author = {Maria Giulia Preti and Thomas AW Bolton and Dimitri Van De Ville},
}

@article{mapper,
  title={Topological Methods for the Analysis of High Dimensional Data Sets and 3D Object Recognition},
  author={Gurjeet Kaur Chatar Singh and Facundo M{\'e}moli and Gunnar E. Carlsson},
  booktitle={PBG@Eurographics},
  year={2007}
}

@article{community,
	doi = {10.1016/j.physrep.2009.11.002},
  
	url = {https://doi.org/10.1016%2Fj.physrep.2009.11.002},
  
	year = 2010,  
	publisher = {Elsevier {BV}
},
  
	volume = {486},
  
	number = {3-5},
  
	pages = {75--174},
  
	author = {Santo Fortunato},
  
	title = {Community detection in graphs},
  
	journal = {Physics Reports}
}

@article{originalcommunity,
  title = {Finding and evaluating community structure in networks},
  author = {Newman, M. E. J. and Girvan, M.},
  journal = {Phys. Rev. E},
  volume = {69},
  issue = {2},
  pages = {026113},
  numpages = {15},
  year = {2004},
  publisher = {American Physical Society},
  doi = {10.1103/PhysRevE.69.026113},
  url = {https://link.aps.org/doi/10.1103/PhysRevE.69.026113}
}

@article{configurationmodel,
author = {Molloy, Michael and Reed, Bruce},
title = {A critical point for random graphs with a given degree sequence},
journal = {Random Structures \& Algorithms},
volume = {6},
number = {2-3},
pages = {161-180},
doi = {https://doi.org/10.1002/rsa.3240060204},
url = {https://onlinelibrary.wiley.com/doi/abs/10.1002/rsa.3240060204},
eprint = {https://onlinelibrary.wiley.com/doi/pdf/10.1002/rsa.3240060204},
year = {1995}
}
